% This is an empty BibTex file for
